@article{sobola2001-global,
  title = {Global Sensitivity Indices for Nonlinear Mathematical Models and Their {{Monte Carlo}} Estimates},
  author = {Sobol{\'a}, I. M.},
  year = {2001},
  month = feb,
  journal = {Math. Comput. Simul.},
  volume = {55},
  number = {1-3},
  pages = {271--280},
  issn = {0378-4754},
  doi = {10.1016/S0378-4754(00)00270-6},
  urldate = {2024-07-11},
  langid = {english}
}

@phdthesis{wangfei2017-duo,
  type = {{硕士}},
  title = {{多输出情况下结构系统的全局灵敏度分析}},
  author = {王飞},
  year = {2017},
  url = {https://kns.cnki.net/kcms2/article/abstract?v=sgrnXhMyaral-IujFdD0kZ2lkVaph0gti4ZZKGmlS2b_E-L9JTyr5kTvn1ziBNKzIvOlVloH4Nt4rzmfG7uImU-hz0VhTx0txnHIDVAyYp2sXPoXKUVDjQ==&uniplatform=NZKPT&language=gb},
  collaborator = {吕震宙},
  langid = {chinese},
  school = {西北工业大学},
  annotation = {6 citations(CNKI)[2024-7-28]}
}

@misc{xiaojie2022-zhi,
  type = {知乎专栏文章},
  title = {{{直观理解Law}} of {{Total Variance}}(方差分解公式)},
  author = {{小杰}},
  year = {2022},
  month = may,
  journal = {统计与机器学习},
  url = {https://zhuanlan.zhihu.com/p/507900722},
  urldate = {2024-08-17},
  langid = {english}
}

@misc{zhubinglong2020-matlab,
  title = {{{MATLAB}} 实现sobol、morris参数敏感性分析},
  author = {猪冰龙},
  year = {2020},
  url = {https://www.cnblogs.com/zhubinglong/p/13063117.html},
  urldate = {2024-08-29},
  langid = {english}
}

@article{hutao2024-ji,
  title = {{基于FAST和Sobol指数法的雷达系统效能敏感性分析}},
  author = {胡涛 and 申立群 and 朱镜达 and 孙成会 and 董伟锋},
  year = {2024},
  journal = {系统工程与电子技术},
  volume = {46},
  number = {2},
  pages = {561--569},
  issn = {1001-506X},
  url = {https://kns.cnki.net/kcms2/article/abstract?v=691tpyMQYm3Vixp21gPR1A8Tcij2xNVVzkRzuImgrUj1iLCaVO-UY1SsYWdBHL4a03YzAMf8EqqyCSkCvwykbt-2GRe0QlHW_v_7gJzr1dAyjUrC5l27MWkETqZ6mvP7&uniplatform=NZKPT&language=gb},
  langid = {chinese}
}

@book{mittelbach2004-latex,
  author      = {Mittelbach, Frank and Goossens, Michel and Braams, Johannes and Carlisle, David and Rowley, Chris},
  title       = {The {\LaTeX} Companion},
  edition     = {2},
  address     = {Reading, MA, USA},
  publisher   = {Addison-Wesley},
  pages       = {107--109},
  year        = {2004}
}